<?xml version="1.0" encoding="UTF-8"?><collection xmlns="http://www.loc.gov/MARC21/slim"><record><leader>00490nam--2200169-u-4500</leader><controlfield tag="001">000054128</controlfield><controlfield tag="002">20161230</controlfield><controlfield tag="005">20161230201051</controlfield><controlfield tag="008">110803s1000------------r-----000-0-eng-d</controlfield><datafield ind1=" " ind2=" " tag="040"><subfield code="a">IFIN-HH</subfield></datafield><datafield ind1=" " ind2=" " tag="080"><subfield code="a">536.52</subfield></datafield><datafield ind1="1" ind2=" " tag="100"><subfield code="a">Coughlen, Charles P</subfield></datafield><datafield ind1="1" ind2="0" tag="245"><subfield code="a">Bibliography of materials plating by thermal decomposition of gases or vapors</subfield><subfield code="c">Charles p. coughlen</subfield></datafield><datafield ind1=" " ind2=" " tag="260"><subfield code="a">Livermore, California</subfield><subfield code="b">University</subfield><subfield code="c">1962</subfield></datafield><datafield ind1=" " ind2=" " tag="300"><subfield code="a">9P</subfield></datafield><datafield ind1=" " ind2=" " tag="852"><subfield code="a">19420</subfield><subfield code="c">537.52</subfield></datafield><datafield ind1=" " ind2=" " tag="CAT"><subfield code="a">Sys</subfield><subfield code="c">20110803</subfield><subfield code="h">160027</subfield></datafield></record></collection>